@article{girard1987linear,
  title={Linear logic},
  author={Girard, Jean-Yves},
  journal={Theoretical computer science},
  volume={50},
  number={1},
  pages={1--101},
  year={1987},
  publisher={Elsevier}
}
  
@book{girard1989proofs,
  title={Proofs and types},
  author={Girard, Jean-Yves and Taylor, Paul and Lafont, Yves},
  volume={7},
  year={1989},
  publisher={Cambridge university press Cambridge}
}

@article{mellies2009categorical,
  title={Categorical semantics of linear logic},
  author={Mellies, Paul-Andr{\'e}},
  journal={Panoramas et syntheses},
  volume={27},
  pages={15--215},
  year={2009}
}

@article{blass1992game,
  title={A game semantics for linear logic},
  author={Blass, Andreas},
  journal={Annals of Pure and Applied logic},
  volume={56},
  number={1-3},
  pages={183--220},
  year={1992},
  publisher={Elsevier}
}

@inproceedings{abramsky1999game,
  title={Game semantics},
  author={Abramsky, Samson and McCusker, Guy},
  booktitle={Computational logic},
  pages={1--55},
  year={1999},
  organization={Springer}
}
